@article{state,
		title = "The concept of “state” in discrete dynamic programming",
		journal = "Journal of Mathematical Analysis and Applications",
		volume = "29",
		number = "3",
		pages = "523 - 557",
		year = "1970",
		note = "",
		issn = "0022-247X",
		doi = "http://dx.doi.org/10.1016/0022-247X(70)90066-1",
		url = "http://www.sciencedirect.com/science/article/pii/0022247X70900661",
		author = "Salah E Elmaghraby",
		
	}