
@incollection{cormen_introduction_2001,
	address = {Cambridge, Massachusetts London, England},
	edition = {second},
	title = {Introduction {To} {Algorithm}},
	booktitle = {Introduction {To} {Algorithm}},
	publisher = {The MIT Press},
	author = {Cormen, Thomas H and Leiserson, Charles E. and Rivest, Ronald L. and Stein, Clifford},
	year = {2001}
}