
@misc{noauthor_introduction_nodate,
	title = {Introduction {To} {Java} - {MFC} 158 {G}},
	url = {http://www.acsu.buffalo.edu/~fineberg/mfc158/week10lecture.htm},
	urldate = {2017-05-24},
	file = {Introduction To Java - MFC 158 G:/home/winasforcepta/.zotero/zotero/reauujou.default/zotero/storage/UVKWKH98/week10lecture.html:text/html}
}