
@article{elmaghiraby_journal_1970,
	title = {Journal of {Mathematical} {Analysis} and {Applications}},
	volume = {29},
	number = {3},
	author = {Elmaghiraby, Salah E.},
	month = mar,
	year = {1970},
	pages = {523--557},
	file = {1-s2.0-0022247X70900661-main.pdf:/home/winasforcepta/.zotero/zotero/reauujou.default/zotero/storage/EH3ZNS7R/1-s2.0-0022247X70900661-main.pdf:application/pdf}
}